@inproceedings{autobahn-wang,
 author = {Wang, Yisu Remy and Nunez, Diogenes and Fisher, Kathleen},
 title = {Autobahn: Using Genetic Algorithms to Infer Strictness Annotations},
 booktitle = {Proceedings of the 9th International Symposium on Haskell},
 series = {Haskell '16},
 year = {2016},
 isbn = {978-1-4503-4434-0},
 location = {Nara, Japan},
 pages = {114--126},
 numpages = {13},
 url = {http://doi.acm.org/10.1145/2976002.2976009},
 doi = {10.1145/2976002.2976009},
 acmid = {2976009},
 publisher = {ACM},
 address = {New York, NY, USA},
 keywords = {Haskell, genetic algorithms, laziness, strictness annotations},
} 

@inproceedings{Ricci13,
 author = {Ricci, Nathan P. and Guyer, Samuel Z. and Moss, J. Eliot B.},
 title = {{Elephant Tracks}: {Portable} Production of Complete and Precise {GC} Traces},
 booktitle = {Proceedings of the 2013 International Symposium on Memory Management},
 series = {ISMM '13},
 year = {2013},
 isbn = {978-1-4503-2100-6},
 location = {Seattle, Washington, USA},
 pages = {109--118},
 numpages = {10},
 url = {http://doi.acm.org/10.1145/2464157.2466484},
 doi = {10.1145/2464157.2466484},
 acmid = {2466484},
 publisher = {ACM},
 address = {New York, NY, USA},
 keywords = {garbage collection, java, merlin algorithm, traces},
} 
