@inproceedings{Trilla15,
 author = {Trilla, Jos{\'e} Manuel Calder\'{o}n and Runciman, Colin},
 title = {Improving Implicit Parallelism},
 OMITbooktitle = {Proceedings of the 2015 ACM SIGPLAN Symposium on Haskell},
 series = {Haskell '15},
 year = {2015},
 OMITisbn = {978-1-4503-3808-0},
 location = {Vancouver, BC, Canada},
 OMITpages = {153--164},
 numOMITpages = {12},
 OMITurl = {http://doi.acm.org/10.1145/2804302.2804308},
 OMITdoi = {10.1145/2804302.2804308},
 OMITacmid = {2804308},
 OMITpublisher = {ACM},
 OMITaddress = {New York, NY, USA},
 keywords = {Auto- matic Parallelism, Feedback Directed Compilation, Implicit Parallelism, Iterative Compi- lation, Lazy Functional Languages, Projections, Strictness Analysis},
}

@inproceedings{Jensen94,
 author="Jensen, Kristian Damm and Hj{\ae}resen, Peter and Rosendahl, Mads",
 editor="Charlier, Baudouin",
 title="Efficient strictness analysis of {Haskell}",
 booktitle="Static Analysis: First International Static Analysis Symposium, SAS'94 Proceedings",
 year="1994",
 publisher="Springer Berlin Heidelberg",
 OMITaddress="Berlin, Heidelberg",
 OMITpages="346--362",
 OMITisbn="978-3-540-49005-0",
 OMITdoi={10.1007/3-540-58485-4\_51},
 OMITurl={http://dx.doi.org/10.1007/3-540-58485-4\_51}
}

@Inproceedings{Schrijvers10,
author="Schrijvers, Tom and Mycroft, Alan",
OMITeditor="Cousot, Radhia and Martel, Matthieu",
title="Strictness Meets Data Flow",
OMITbooktitle="Static Analysis: 17th International Symposium, SAS'10 Proceedings",
booktitle="SAS'10",
year="2010",
OMITpublisher="Springer Berlin Heidelberg",
OMITaddress="Berlin, Heidelberg",
OMITpages="439--454",
OMITisbn="978-3-642-15769-1",
OMITdoi={10.1007/978-3-642-15769-1\_27},
OMITurl={http://dx.doi.org/10.1007/978-3-642-15769-1\_27}
}

@book{Goldberg89,
title={Genetic algorithms in search optimization and machine learning},
author={Goldberg, David E and others},
volume={412},
year={1989},
OMITpublisher={Addison-Wesley Reading Menlo Park},
publisher={Addison-Wesley Reading}
}

@inproceedings{Ennals03,
 author = {Ennals, Robert and Simon {Peyton Jones}},
 title = {Optimistic Evaluation: An Adaptive Evaluation Strategy for Non-strict Programs},
 OMITbooktitle = {Proceedings of the Eighth ACM SIGPLAN International Conference on Functional Programming},
 series = {ICFP '03},
 year = {2003},
 OMITisbn = {1-58113-756-7},
 location = {Uppsala, Sweden},
 OMITpages = {287--298},
 numpages = {12},
 OMITurl = {http://doi.acm.org/10.1145/944705.944731},
 OMITdoi = {10.1145/944705.944731},
 OMITacmid = {944731},
 OMITpublisher = {ACM},
 OMITaddress = {New York, NY, USA},
 keywords = {haskell, lazy evaluation, online profiling},
} 


@article{Hughes89,
 author = {Hughes, J.},
 title = {Why Functional Programming Matters},
 journal = {Comput. J.},
 issue_date = {April 1989},
 volume = {32},
 number = {2},
 month = apr,
 year = {1989},
 OPTissn = {0010-4620},
 OMITpages = {98--107},
 numpages = {10},
 OPTurl = {http://dx.doi.org/10.1093/comjnl/32.2.98},
 OPTdoi = {10.1093/comjnl/32.2.98},
 acmid = {63411},
 publisher = {Oxford University Press},
 OMITaddress = {Oxford, UK},
} 

@inproceedings{PeytonJones89,
 author = {{Peyton Jones}, Simon and Salkild, Jon},
 title = {The Spineless Tagless {G}-machine},
 OMITbooktitle = {Proceedings of the Fourth International Conference on Functional Programming Languages and Computer Architecture},
 series = {FPCA '89},
 year = {1989},
 OMITisbn = {0-89791-328-0},
 location = {Imperial College, London, United Kingdom},
 OMITpages = {184--201},
 numpages = {18},
 OMITurl = {http://doi.acm.org/10.1145/99370.99385},
 OMITdoi = {10.1145/99370.99385},
 OMITacmid = {99385},
 OMITpublisher = {ACM},
 OMITaddress = {New York, NY, USA},
} 

@Misc{cure,
  title="{How do I write a constant-space length function in Haskell?}",
  author= "Norman Ramsey",
  howpublished="\url{http://stackoverflow.com/a/2777886/3694032}",
  date="May 2010",
  year="2010"
}


@Misc{seq,
  OMITtitle="{Seq}",
  key="{Seq}",
  howpublished="\url{https://wiki.haskell.org/Seq}",
  date="March 2016",
  year="2016"
}

@Misc{deepseq,
  title="{Deepseq}",
  key="{Deepseq}",
  howpublished="\url{https://hackage.haskell.org/package/deepseq}",
  date="August 2015",
  year="2015"
}

@Misc{strict-application,
  OMITtitle="{Strict Application}",
  key="{Strict Application}",
  howpublished="\url{https://wiki.haskell.org/Performance/Strictness}",
  date="June 2016",
  year="2016"
}



@Misc{strict-fields,
  OMITtitle="{Strict Fields}",
  key="{Strict Fields}",
  howpublished="\url{https://wiki.haskell.org/Performance/Data_types}",
  date="March 2016",
  year="2016"
}

@Misc{overflow,
  title="Thunk memory leak as a result of map function",
  author = "Ondra",
  howpublished="\url{http://stackoverflow.com/a/6631097/3694032}",
  date="July 2011",
  year="2011"
}

@Misc{bang,
  title="{Bang Patterns}",
  Omitkey = "{Bang Patterns}",
  howpublished="\url{https://downloads.haskell.org/~ghc/latest/docs/html/users_guide/bang-patterns.html}",
  date="March 2016",
  year = "2016"
}


@Misc{aeson,
  title="{The Aeson Package}",
  author = "{Bryan O'Sullivan}",
  howpublished="\url{https://hackage.haskell.org/package/aeson}",
  date="March 2016",
  year="2016"
}


@Misc{ghc-profiling,
  title="{GHC Profling}",
  key="{GHC Profling}",
  howpublished="\url{https://downloads.haskell.org/~ghc/latest/docs/html/users_guide/profiling.html}",
  date="March 2016",
  year="2016"
}


@Misc{langexts,
  title="The haskell-src-exts package",
  author="Niklas Broberg",
  howpublished="\url{https://hackage.haskell.org/package/haskell-src-exts-1.17.1}",
  date="December 2015",
  year = "2015"
}

@Misc{genetic,
  title="{The GA Package}",
  author="Kenneth Hoste",
  howpublished="\url{https://hackage.haskell.org/package/GA}",
  date="September 2011",
  year="2011"
}


@Misc{seqaid,
  title="{Seqaid}",
  author = "Andrew Seniuk",
  howpublished="\url{http://hackage.haskell.org/package/seqaid}",
  date="February 2015",
  year = "2015"
}

@Misc{strict-haskell,
  OMITtitle="{Strict Haskell}",
  key="{Strict Haskell}",
  howpublished="\url{https://ghc.haskell.org/trac/ghc/wiki/StrictPragma}",
  date="March 2016",
  year = "2016"
}

@Misc{Yang-thunk-leak,
  title="{Anatomy of a thunk leak}",
  author="{Edward Z. Yang}",
  howpublished="\url{http://blog.ezyang.com/2011/05/anatomy-of-a-thunk-leak/}",
  year = "2011"
}


@Book{rwh,
  author = 	 {Bryan O'Sullivan and Don Stewart and John Goerzen},
  title = 	 {Real World Haskell},
  publisher = 	 {O'Reilly Media},
  year = 	 {2009},
  note = 	 {Available at \url{http://book.realworldhaskell.org}},
}


@inproceedings{Partain92,
 author = {Partain, Will},
 title = {The \texttt{nofib} Benchmark Suite of {Haskell} Programs},
 booktitle = {Proceedings of the 1992 Glasgow Workshop on Functional Programming},
 year = {1993},
 OMITisbn = {3-540-19820-2},
 OMITpages = {195--202},
 numpages = {8},
 OMITurl = {http://dl.acm.org/citation.cfm?id=647557.729913},
 OMITacmid = {729913},
 publisher = {Springer-Verlag},
 OMITaddress = {London, UK, UK},
} 

@inproceedings{Wadler87,
 title={Strictness analysis on non-flat domains},
 author={Wadler, Philip},
 booktitle={Abstract interpretation of declarative languages},
 OMITpages={266--275},
 year={1987},
 OMITorganization={Ellis Horwood Chichester, England}
}

@incollection{Jones94,
 title={Measuring the effectiveness of a simple strictness analyser},
 author={Simon {Peyton Jones} and Partain, Will},
 booktitle={Functional Programming, Glasgow 1993},
 OMITpages={201--221},
 year={1994},
 publisher={Springer}
}

@Unpublished{demand-analysis,
  author = 	 {Simon {Peyton Jones} and Peter Sestoft and John Hughes},
  title = 	 {{Demand analysis}},
  note = 	 {Available from \url{http://research.microsoft.com/en-us/um/people/simonpj/papers/demand-anal/demand.ps}},
  month = 	 "July",
  year = 	 2006,
}

@inproceedings{Turner95,
 author = {Turner, David N. and Wadler, Philip and Mossin, Christian},
 title = {Once Upon a Type},
 OMITbooktitle = {Proceedings of the Seventh International Conference on Functional Programming Languages and Computer Architecture},
 series = {FPCA '95},
 year = {1995},
 OMITisbn = {0-89791-719-7},
 location = {La Jolla, California, USA},
 OMITpages = {1--11},
 numpages = {11},
 OMITurl = {http://doi.acm.org/10.1145/224164.224168},
 OMITdoi = {10.1145/224164.224168},
 OMITacmid = {224168},
 OMITpublisher = {ACM},
 OMITaddress = {New York, NY, USA},
} 



@inproceedings{Chang14,
 author = {Chang, Stephen and Felleisen, Matthias},
 title = {Profiling for Laziness},
 lbooktitle = {Proceedings of the 41st ACM SIGPLAN-SIGACT Symposium on Principles of Programming Languages},
 series = {POPL '14},
 year = {2014},
 OMITisbn = {978-1-4503-2544-8},
 OMITlocation = {San Diego, California, USA},
 OMITpages = {349--360},
 numpages = {12},
 OMITurl = {http://doi.acm.org/10.1145/2535838.2535887},
 OMITdoi = {10.1145/2535838.2535887},
 OMITacmid = {2535887},
 OMITpublisher = {ACM},
 OMITaddress = {New York, NY, USA},
 keywords = {code refactoring, laziness, profiling},
} 

@article{Mitchell13,
 author = {Mitchell, Neil},
 title = {Leaking Space},
 journal = {Queue},
 issue_date = {September 2013},
 volume = {11},
 number = {9},
 month = sep,
 year = {2013},
 OMITissn = {1542-7730},
 OMITpages = {10:10--10:23},
 articleno = {10},
 numpages = {14},
 OMITurl = {http://doi.acm.org/10.1145/2538031.2538488},
 OMITdoi = {10.1145/2538031.2538488},
 OMITacmid = {2538488},
 publisher = {ACM},
 OMITaddress = {New York, NY, USA},
} 


@inproceedings{Mycroft80,
 author = {Mycroft, Alan},
 title = {The Theory and Practice of Transforming Call-by-need into Call-by-value},
 booktitle = {Proceedings of the Fourth `Colloque International Sur La Programmation' on International Symposium on Programming},
 year = {1980},
 OMITisbn = {3-540-09981-6},
 OMITpages = {269--281},
 numpages = {13},
 OMITurl = {http://dl.acm.org/citation.cfm?id=647324.721526},
 OMITacmid = {721526},
 publisher = {Springer-Verlag},
 OMITaddress = {London, UK, UK},
} 

@inproceedings{Ricci13,
 author = {Ricci, Nathan P. and Guyer, Samuel Z. and Moss, J. Eliot B.},
 title = {{Elephant Tracks}: {Portable} Production of Complete and Precise {GC} Traces},
 OMITbooktitle = {Proceedings of the 2013 International Symposium on Memory Management},
 series = {ISMM '13},
 year = {2013},
 OMITisbn = {978-1-4503-2100-6},
 location = {Seattle, Washington, USA},
 OMITpages = {109--118},
 numpages = {10},
 OMITurl = {http://doi.acm.org/10.1145/2464157.2466484},
 OMITdoi = {10.1145/2464157.2466484},
 OMITacmid = {2466484},
 OMITpublisher = {ACM},
 OMITaddress = {New York, NY, USA},
 keywords = {garbage collection, java, merlin algorithm, traces},
} 


@inproceedings{Blackburn06,
 author = {Blackburn, Stephen M. and Garner, Robin and Hoffmann, Chris and Khang, Asjad M. and McKinley, Kathryn S. and Bentzur, Rotem and Diwan, Amer and Feinberg, Daniel and Frampton, Daniel and Guyer, Samuel Z. and Hirzel, Martin and Hosking, Antony and Jump, Maria and Lee, Han and Moss, J. Eliot B. and Phansalkar, Aashish and Stefanovi\'{c}, Darko and VanDrunen, Thomas and von Dincklage, Daniel and Wiedermann, Ben},
 title = {{The DaCapo Benchmarks}: {Java} Benchmarking Development and Analysis},
 lbooktitle = {Proceedings of the 21st Annual ACM SIGPLAN Conference on Object-oriented Programming Systems, Languages, and Applications},
 series = {OOPSLA '06},
 year = {2006},
 OMITisbn = {1-59593-348-4},
 location = {Portland, Oregon, USA},
 OMITpages = {169--190},
 numpages = {22},
 OMITurl = {http://doi.acm.org/10.1145/1167473.1167488},
 OMITdoi = {10.1145/1167473.1167488},
 OMITacmid = {1167488},
 publisher = {ACM},
 OMITaddress = {New York, NY, USA},
 keywords = {DaCapo, Java, SPEC, benchmark, methodology},
} 

@Inbook{Jong91,
author="Jong, Kenneth A.
and Spears, William M.",
editor="Schwefel, Hans-Paul
and M{\"a}nner, Reinhard",
chapter="An analysis of the interacting roles of population size and crossover in genetic algorithms",
title="Parallel Problem Solving from Nature: 1st Workshop, PPSN I Dortmund, FRG, October 1--3, 1990 Proceedings",
year="1991",
publisher="Springer Berlin Heidelberg",
address="Berlin, Heidelberg",
OMITpages="38--47",
OMITisbn="978-3-540-70652-6",
OMITdoi="10.1007/BFb0029729",
OMITurl="http://dx.doi.org/10.1007/BFb0029729"
}

@inproceedings{Syswerda89,
author = {Syswerda, Gilbert},
title = {Uniform Crossover in Genetic Algorithms},
booktitle = {Proceedings of the 3rd International Conference on Genetic Algorithms},
year = {1989},
OMITisbn = {1-55860-066-3},
OMITpages = {2--9},
numpages = {8},
OMITurl = {http://dl.acm.org/citation.cfm?id=645512.657265},
OMITacmid = {657265},
OMITpublisher = {Morgan Kaufmann Publishers Inc.},
OMITaddress = {San Francisco, CA, USA},
} 

@Misc{json,
  title="{City of Chicago Public Datasets}",
  howpublished="\url{https://www.opensciencedatacloud.org/publicdata/city-of-chicago-public-datasets/}",
  date="October 2012",
  year="2012"
}


@inproceedings{Sergey14,
 author = {Sergey, Ilya and Vytiniotis, Dimitrios and Peyton Jones, Simon},
 title = {Modular, Higher-order Cardinality Analysis in Theory and Practice},
 OMITbooktitle = {Proceedings of the 41st ACM SIGPLAN-SIGACT Symposium on Principles of Programming Languages},
 series = {POPL '14},
 year = {2014},
 OMITisbn = {978-1-4503-2544-8},
 location = {San Diego, California, USA},
 OMITpages = {335--347},
 numpages = {13},
 OMITurl = {http://doi.acm.org/10.1145/2535838.2535861},
 OMITdoi = {10.1145/2535838.2535861},
 OMITacmid = {2535861},
 OMITpublisher = {ACM},
 OMITaddress = {New York, NY, USA},
 keywords = {cardinality analysis, compilers, functional programming languages, haskell, lazy evaluation, operational semantics, program optimisation, static analysis, thunks, types and effects},
} 


@article{Santos98,
 author = {Peyton Jones, Simon and Santos, Andr{\'e} L. M.},
 title = {A Transformation-based Optimiser for {Haskell}},
 journal = {Sci. Comput. Program.},
 issue_date = {Sept. 1998},
 volume = {32},
 number = {1-3},
 month = sep,
 year = {1998},
 OMITissn = {0167-6423},
 OMITpages = {3--47},
 numpages = {45},
 OMITurl = {http://dx.doi.org/10.1016/S0167-6423(97)00029-4},
 OMITdoi = {10.1016/S0167-6423(97)00029-4},
 OMITacmid = {299621},
 OMITpublisher = {Elsevier North-Holland, Inc.},
 OMITaddress = {Amsterdam, The Netherlands, The Netherlands},
 keywords = {compilers, functional languages, let-floating, linear type system, optimisation, second-order lambda calculus, strict analysis, transformation},
}



@inproceedings{Holdermans10,
 author = {Holdermans, Stefan and Hage, Jurriaan},
 title = {Making ``Stricterness'' More Relevant},
 OMITbooktitle = {Proceedings of the 2010 ACM SIGPLAN Workshop on Partial Evaluation and Program Manipulation},
 series = {PEPM '10},
 year = {2010},
 OMITisbn = {978-1-60558-727-1},
 location = {Madrid, Spain},
 OMITpages = {121--130},
 numpages = {10},
 OMITurl = {http://doi.acm.org/10.1145/1706356.1706379},
 OMITdoi = {10.1145/1706356.1706379},
 OMITacmid = {1706379},
 OMITpublisher = {ACM},
 OMITaddress = {New York, NY, USA},
 keywords = {explicit strictness annotations, lazy evaluation, relevance typing, strictness analysis},
} 

@inproceedings{Verstoep15,
 author = {Verstoep, Hidde and Hage, Jurriaan},
 title = {Polyvariant Cardinality Analysis for Non-strict Higher-order Functional Languages: Brief Announcement},
 OMITbooktitle = {Proceedings of the 2015 Workshop on Partial Evaluation and Program Manipulation},
 series = {PEPM '15},
 year = {2015},
 OMITisbn = {978-1-4503-3297-2},
 location = {Mumbai, India},
 OMITpages = {139--142},
 numpages = {4},
 OMITurl = {http://doi.acm.org/10.1145/2678015.2682536},
 OMITdoi = {10.1145/2678015.2682536},
 OMITacmid = {2682536},
 OMITpublisher = {ACM},
 OMITaddress = {New York, NY, USA},
 keywords = {absence analysis, cardinality analysis, polyvariance, sharing analysis, type-based program analysis, uniqueness typing, usage analysis},
} 


@inproceedings{Harris07,
 author = {Harris, Tim and Singh, Satnam},
 title = {Feedback Directed Implicit Parallelism},
 OMITbooktitle = {Proceedings of the 12th ACM SIGPLAN International Conference on Functional Programming},
 series = {ICFP '07},
 year = {2007},
 OMITisbn = {978-1-59593-815-2},
 location = {Freiburg, Germany},
 OMITpages = {251--264},
 numpages = {14},
 OMITurl = {http://doi.acm.org/10.1145/1291151.1291192},
 OMITdoi = {10.1145/1291151.1291192},
 OMITacmid = {1291192},
 OMITpublisher = {ACM},
 OMITaddress = {New York, NY, USA},
 keywords = {functional programming, haskell, implicit parallelism},
} 

@inproceedings{autobahn-wang,
 author = {Wang, Yisu Remy and Nunez, Diogenes and Fisher, Kathleen},
 title = {Autobahn: Using Genetic Algorithms to Infer Strictness Annotations},
 OMITbooktitle = {Proceedings of the 9th International Symposium on Haskell},
 series = {Haskell '16},
 year = {2016},
 OMITisbn = {978-1-4503-4434-0},
 location = {Nara, Japan},
 OMITpages = {114--126},
 numpages = {13},
 OMITurl = {http://doi.acm.org/10.1145/2976002.2976009},
 OMITdoi = {10.1145/2976002.2976009},
 OMITacmid = {2976009},
 OMITpublisher = {ACM},
 OMITaddress = {New York, NY, USA},
 keywords = {Haskell, genetic algorithms, laziness, strictness annotations},
} 
